% Literature for master thesis of Ulrich Belitz

@book{bremus2013barrierefreiheit,
  title={Barrierefreiheit: Webanwendungen ohne Hindernisse},
  author={Bremus, T},
  isbn={9783868020953},
  year={2013},
  publisher={entwickler Press}
}

@book{comer2002computernetzwerke,
  title={Computernetzwerke und Internets: mit Internet-Anwendungen},
  author={Comer, D.},
  isbn={3-8273-7023-X},
  series={I Informatik},
  year={2002},
  publisher={Pearson Studium}
}

@book{bieh2008mobiles,
  title={Mobiles Webdesign: Konzeption, Gestaltung, Entwicklung ; [Struktur, Design und Programmierung ; Umsetzung mit (X)HTML, CSS und PHP ; Standards und Best Practices]},
  author={Bieh, M.},
  isbn={9783836211536},
  series={Galileo computing},
  year={2008},
  publisher={Galileo Press}
}

@book{münz2012html5,
  title={HTML5-Handbuch},
  author={M{\"u}nz, S. and Gull, C.},
  isbn={9783645601511},
  series={Know-how ist blau},
  year={2012},
  publisher={Franzis}
}

@book{koch2011javascript,
  title={JavaScript: Einf{\"u}hrung, Programmierung und Referenz},
  author={Koch, S.},
  isbn={9783898647311},
  series={iX-Edition},
  year={2011},
  publisher={dpunkt.Verlag}
}

@book{theis2006einstieg,
  title={Einstieg in PHP 5.3 und MySQL 5.4},
  author={Theis, T.},
  isbn={9783836215442},
  series={Galileo computing},
  year={2010},
  publisher={Galileo Press}
}

%Responsive Webdesign Reaktionsfaehige Websites gestalten und umsetzen

@book{zillgens2013responsive,
  title={Responsive Webdesign Reaktionsf{\"a}hige Websites gestalten und umsetzen},
  author={Zillgens, C.},
  isbn={978-3-446-43015-0},
  year={2013},
  publisher={Carl Hanser Verlag}
}

@book{schlossnagle2006php,
  title={Professionelle PHP 5-Programmierung - Entwicklerleitfaden f{\"u}r große Webprojekte mit PHP 5},
  author={Schlossnagle, G.},
  isbn={978-3-8273-2381-1},
  series={open source library},
  year={2006},
  publisher={Addison-Wesley}
}